<?xml version="1.0" encoding="UTF-8"?><collection xmlns="http://www.loc.gov/MARC21/slim"><record><leader>00468nam--2200157-i-4500</leader><controlfield tag="001">000047874</controlfield><controlfield tag="002">20161230</controlfield><controlfield tag="005">20170113003602</controlfield><controlfield tag="008">060222s1000------------r-----000-0-eng-d</controlfield><datafield ind1=" " ind2=" " tag="100"><subfield code="a">Wolf, Lothar</subfield></datafield><datafield ind1=" " ind2=" " tag="245"><subfield code="a">Theoretische chemie. Eine einfuhrung vom standpunkt einer gestalthaften atomlehre</subfield></datafield><datafield ind1=" " ind2=" " tag="250"><subfield code="a">4 umgearbeitete auflage</subfield></datafield><datafield ind1=" " ind2=" " tag="260"><subfield code="a">Leipzig</subfield><subfield code="b">J.Ambrosius Barth Verlag</subfield><subfield code="c">1959</subfield></datafield><datafield ind1=" " ind2=" " tag="300"><subfield code="a">XI + 813 p.+ 347 Fig</subfield></datafield><datafield ind1=" " ind2=" " tag="852"><subfield code="a">7558</subfield></datafield><datafield ind1=" " ind2=" " tag="CAT"><subfield code="a">SYS</subfield><subfield code="c">20170113</subfield><subfield code="h">003602</subfield></datafield></record></collection>